2983 3847
1513 367 1550 408 21

455 505 791 572 Tergeste.
866 503 1183 557 Stancovich.
1222 505 1356 554 anfit.
1395 506 1441 554 d.
1480 505 1605 554 Pola
1639 504 1885 572 (1822)p
1889 507 2021 555 ..78
2055 504 2222 573 amph.
2245 505 2598 573 Tergestinum
2622 520 2754 556 com-

315 581 561 626 memorat
601 574 730 626 fuori
775 574 824 625 di
867 583 1014 643 porta
1061 572 1109 623 di
1144 572 1394 640 Riborgo,
1433 573 1482 624 di
1518 573 1596 624 cui
1631 573 1691 624 F.
1726 574 1906 624 Ireneo
1943 573 2076 625 dalla
2110 573 2272 625 Croce
2307 573 2455 641 (Hist.
2484 574 2535 625 di
2557 574 2753 624 Trieste

317 644 528 711 p.245)
566 645 610 693 ci
647 645 712 694 (18
745 645 891 695 1’8888
926 642 1184 711 maggiore
1221 643 1291 692 di
1284 643 1438 709 piedi
1473 643 1761 709 geometrici
1800 644 1896 693 157
1934 641 1998 693 8(1
2030 642 2067 693 11
2098 642 2291 694 minore
2327 642 2376 694 di
2414 644 2540 694 136:

454 712 617 763 Pola.
690 712 1008 764 Stancovich.
1045 713 1112 763 ib.
1148 731 1198 778 p
1238 714 1301 761 36
1340 712 1669 779 quadraginta
1712 721 1814 762 tres
1839 711 2024 779 gradus
2059 729 2366 764 marmoreos
2403 720 2596 763 exstare
2622 711 2750 762 dicit.

314 799 365 848 p.
406 785 495 831 64:
544 782 711 861 amph.
763 782 939 849 viginti
975 782 1072 833 duo
1108 780 1242 830 milia
1277 789 1614 847 spectatorum
1649 780 1866 847 cepisse3
1905 798 1956 847 p.
1999 782 2095 832 135
2132 780 2407 832 aedificium
2441 788 2601 831 totum
2633 779 2754 859 lapi-

316 850 465 900 deum
509 851 660 900 fuisse
708 859 879 901 censet
923 858 1131 918 excepta
1166 867 1360 899 summa
1395 850 1766 916 contignatione
1810 849 1991 915 lignea,
2030 867 2090 900 ac
2131 849 2326 916 porticu
2371 848 2752 917 superimposita

317 928 562 969 ornatum.
598 937 648 985 p.
690 922 816 969 137:
888 920 984 970 Nel
1017 919 1228 986 registro
1267 918 1345 968 dei
1381 918 1530 968 (111-1111
1552 918 1631 968 (181
1655 918 1910 969 Pati-iarca
1935 917 1985 968 di
2001 917 2197 986 Aquile
2200 936 2231 969 a
2252 917 2368 969 nell'
2383 918 2532 970 Istria
2548 936 2594 969 a.
2617 918 2750 969 1303

314 988 548 1056 leguntur
589 988 739 1039 haec:
788 989 851 1040 In
888 990 1083 1040 civitat-e
1132 988 1284 1038 Polae
1319 988 1471 1038 habet
1506 987 1604 1038 duo
1640 987 1843 1053 antiqua
1876 986 2068 1037 Palatia
2100 987 2137 1038 J
2347 995 2398 1037 et
2430 987 2653 1038 Arenam
2686 1015 2754 1023 —

316 1068 366 1106 et
408 1058 689 1134 quicunque
724 1059 912 1126 accipit
955 1058 1170 1139 aliquem
1202 1056 1428 1124 lapidem
1474 1056 1535 1107 (18
1573 1051 1713 1108 dictis
1745 1004 1951 1107 Palatiis
1985 1050 2148 1109 Jadri
2160 1056 2236 1107 ets·
2231 1050 2474 1127 ··Arenae‚
2507 1075 2601 1125 pro
2636 1060 2753 1124 quo-

314 1127 435 1176 libet
461 1126 642 1194 lapide
687 1144 839 1193 quem
883 1129 1062 1196 accipit
1104 1126 1266 1176 solvit
1287 1125 1490 1176 domino
1525 1124 1854 1177 Patr-iarehae·
1878 1125 2111 1176 Bizantia
2126 1120 2352 1177 eentum.
2402 1095 2754 1181 lilla-lominus

315 1196 539 1245 accolae
556 1212 622 1244 ex
671 1197 1037 1263 amphitheatro
1085 1196 1224 1263 quasi
1259 1212 1292 1244 e
1322 1194 1590 1263 lapicidina
1636 1195 1894 1246 materiam
1941 1192 2013 1246 'ad
2049 1194 2409 1249 aefidicandum
2442 1201 2637 1281 petere
2635 1211 2753 1245 non

315 1263 596 1326 cessabant,
633 1266 912 1330 usquedum
942 1267 1162 1315 Senator
1190 1266 1413 1313 'Venetus
1449 1266 1579 1314 Emo
1615 1264 1725 1314 has
1740 1264 2052 1335 venerabiles
2083 1264 2319 1336 'reliquias
2354 1280 2386 1316 a
2419 1262 2753 1317 deutnietione

312 1334 598 1401 ingruente
610 1332 857 1398 defendit,
893 1353 987 1401 pro
1031 1353 1130 1401 quo
1167 1334 1408 1384 beneficio
1445 1335 1489 1383 ei
1525 1353 1607 1383 am
1607 1334 1941 1400 phitheatmm
1964 1334 2197 1385 a.1584
2225 1333 2545 1386 dedicatum
2538 1342 2658 1384 est

454 1402 702 1470 (Gallia
739 1353 1226 1472 TranIispadana)
1262 1403 1526 1456 Verona.
1597 1403 1784 1454 Mafl'ei
1799 1401 1930 1469 degli
1966 1402 2212 1453 anfiteaffi
2243 1398 2513 1524 ((81.2ἐὸ
2538 1406 2635 1452 120
2654 1404 2752 1451 hoo

313 1475 670 1553 fragmentum-
685 1475 826 1535 tituli,
864 1482 916 1521 ut
949 1474 1157 1533 videtur,
1195 1473 1260 1522 ad
1295 1472 1654 1524 dedicationem
1687 1468 1980 1539 perfluentia
1997 1470 2313 1539 publicavit*
2325 1469 2365 1526 S
2508 1470 2558 1523 N
2577 1470 2752 1522 litteris

313 1542 584 1602 maximis,
585 1543 783 1591 bonam
818 1552 1032 1590 aetatem
1068 1543 1395 1608 prodentibus
1430 1540 1684 1609 scriptum.
1726 1557 1776 1609 Ρ(-
1819 1542 1915 1610 159
1940 1540 2276 1594 alfimdinem
2291 1536 2443 1593 fmese
2483 1541 2753 1593 110—120

314 1610 427 1676 ped.
449 1610 636 1662 Veron„
675 1630 827 1676 quum
863 1620 1073 1676 quatuor
1107 1612 1505 1678 contignationes
1540 1612 1689 1662 fuisse
1724 1618 1914 1659 certum
1933 1611 2019 1661 sit·
2047 1611 2251 1690 cepisse
2268 1618 2433 1664 autem
2449 1608 2624 1680 viginti
2652 1609 2751 1682 duo

313 1679 449 1731 milia
495 1679 772 1731 sedentium
814 1688 864 1730 et
905 1679 973 1746 (p.
1023 1679 1143 1746 261)
1180 1680 1396 1729 eundem
1436 1680 1538 1729 fere
1576 1695 1834 1729 numerum
1870 1687 2003 1730 stant
2137 1681 2190 1729 in
2224 1681 2437 1732 summis·
2461 1681 2688 1750 partibus
2724 1698 2752 1732 8

313 1749 474 1816 ligno
488 1749 803 1801 constructis
838 1768 889 1815 p.
917 1750 1029 1799 170
1068 1767 1142 1814 sq.
1171 1749 1434 1828 ingressus
1468 1750 1603 1798 fuere
1640 1748 1853 1803 Lxxn.
1891 1765 2066 1804 omnes
2084 1752 2305 1801 numeris
2323 1744 2554 1803 distincti.
2577 1769 2628 1820 p.
2650 1747 2751 1801 2'13

314 1819 451 1885 podii
484 1835 656 1870 murus
691 1818 1022 1869 marmoribus
1056 1818 1284 1883 pretiosis
1321 1826 1525 1868 ornatus
1560 1818 1664 1879 fuit,
1701 1833 1911 1884 quorum
1944 1819 2228 1884 fragmenta
2260 1825 2539 1886 supersunt.
2576 1838 2626 1888 p.
2651 1822 2750 1871 285

316 1887 517 1937 canales
562 1887 872 1937 subterranei
918 1886 1150 1936 destinati
1186 1894 1329 1935 erant
1361 1884 1427 1936 ad
1463 1887 1773 1952 recipiendas
1807 1886 2162 1935 immunditias
2178 1887 2455 1955 defluentes
2486 1897 2536 1939 et
2569 1903 2751 1957 aquam

317 1956 599 2021 pluvialem,
636 1973 741 2006 non
777 1955 841 2005 ad
875 1954 1217 2005 inundandam
1252 1970 1472 2004 arenam.

454 2024 779 2075 Cremona.
852 2023 1080 2074 Tac.H.
1124 2023 1184 2074 Π.
1224 2022 1635 2102 67.1.1.811Ρ1·8
1669 2042 1718 2090 p.
1758 2026 1805 2073 3.

454 2095 692 2143 Brixia.
767 2094 938 2143 Labus
972 2093 1173 2143 intorno
1210 2091 1304 2182 alle
1340 2092 1582 2144 iscrizioni
1628 2091 1887 2160 bresciane
1922 2110 1972 2156 p.
2013 2094 2092 2153 71,
2131 2111 2279 2162 quem
2297 2093 2520 2143 librumi
2505 2097 2749 2163 inspicere

314 2182 419 2209 non
491 2165 606 2212 otui-

454 2181 839 2300 gergomum.
912 2234 1171 2285 Promisl.
1208 2234 1238 2282 l.

455 2302 747 2369 Augusta
781 2303 1124 2351 Praetoria
1160 2302 1545 2354 Salassorum
1580 2302 1644 2353 id.
1679 2302 1746 2353 ib.

453 2545 531 2592 De
567 2544 941 2611 amphitheatris
980 2542 1244 2595 Siciliae
1290 2543 1387 2593 dixi
1431 2544 1483 2592 in
1518 2528 1688 2610 progr.
1725 2544 1880 2596 Acad.
1917 2544 2031 2595 AJb.
2073 2545 2207 2594 1860
2241 2542 2430 2625 v1.·p.‚
2455 2550 2507 2610 6,
2544 2545 2750 2598 inSar-

316 2612 490 2661 dinia
526 2629 680 2663 unum
716 2621 793 2663 est
817 2612 1056 2676 Carali‚
1095 2612 1156 2662 de
1193 2628 1288 2678 quo
1324 2631 1371 2662 v.
1410 2612 1470 2663 de
1506 2612 1557 2663 la
1581 2613 1833 2665 Marmora
1868 2632 2066 2685 voyage
2100 2631 2165 2663 en
2187 2605 2494 2695 Sardaigne
2501 2615 2540 2665 Ι.
2573 2615 2627 2683 Ρ.
2648 2617 2747 2665 529

313 2682 413 2731 tab.
453 2682 735 2735 XXXVIII
777 2682 968 2749 (creuse
1016 2682 1142 2732 dans
1188 2681 1238 2731 la
1271 2681 1421 2732 roche
1460 2675 1696 2746 88188118,
1734 2683 1941 2754 suppleo
1976 2703 2070 2753 par
2096 2683 2192 2743 des
2229 2675 2593 2738 constructions
2628 2700 2750 2733 avec

315 2752 499 2800 ciment
531 2779 601 2788 —
634 2751 681 2801 le
717 2751 840 2802 fond
876 2751 937 2801 de
972 2751 1156 2802 l’arene
1201 2752 1419 2801 traversa
1454 2769 1547 2818 par
1583 2751 1669 2802 des
1706 2749 1956 2819 aqueducs
1992 2753 2331 2821 so'uterrains.)
2400 2750 2638 2820 Magnum
2663 2771 2750 2802 nu-

315 2838 507 2870 merum
556 2820 893 2888 spectatorum
940 2837 1119 2886 capere
1155 2820 1327 2885 potuit.
1402 2821 1549 2882 Quod
1597 2829 1761 2872 autem
1797 2821 2006 2889 Capreis
2041 2822 2208 2889 amph.
2246 2839 2357 2873 esse
2394 2823 2568 2872 dicitur
2602 2823 2653 2871 in
2690 2839 2750 2871 ea

314 2898 455 2955 parte
490 2889 699 2953 insulae,
736 2907 886 2957 quam
922 2889 1068 2939 hodie
1105 2897 1289 2938 vocant
1322 2888 1589 2957 Anacapri,
1627 2889 1693 2957 (v.
1731 2909 1772 2942 e.
1811 2910 1859 2958 g.
1896 2891 2195 2944 Donaldson
2229 2891 2477 2943 architect.
2516 2892 2745 2942 numism.

313 2977 362 3024 Ρ.
403 2959 524 3025 303)
558 2959 610 3010 1(1
643 2959 834 3010 nullum
871 2976 981 3008 esse
1016 2970 1152 3024 puto.
