<?xml version="1.0" encoding="UTF-8"?>
<!DOCTYPE html PUBLIC "-//W3C//DTD XHTML 1.0 Transitional//EN"
    "http://www.w3.org/TR/xhtml1/DTD/xhtml1-transitional.dtd">
<html xmlns="http://www.w3.org/1999/xhtml" xml:lang="en" lang="en">
 <head>
  <title>
</title>
<meta http-equiv="Content-Type" content="text/html;charset=utf-8" />
  <meta name='ocr-system' content='tesseract 3.04.00' />
  <meta name='ocr-capabilities' content='ocr_page ocr_carea ocr_par ocr_line ocrx_word'/>
</head>
<body>
  <div class='ocr_page' id='page_1' title='image "./4777686_0011.png"; bbox 0 0 2983 3847; ppageno 0'>
   <div class='ocr_carea' id='block_1_1' title="bbox 240 1086 2685 2836">
    <p class='ocr_par' dir='ltr' id='par_1_1' title="bbox 240 1086 2663 1313">
     <span class='ocr_line' id='line_1_1' title="bbox 240 1086 2661 1177; baseline -0.001 -18"><span class='ocrx_word' id='word_1_1' title='bbox 240 1086 484 1175; x_wconf 69' lang='lat' dir='ltr'>(Gallia</span> <span class='ocrx_word' id='word_1_2' title='bbox 519 1108 882 1175; x_wconf 84' lang='lat' dir='ltr'>cispadana)</span> <span class='ocrx_word' id='word_1_3' title='bbox 924 1106 1219 1159; x_wconf 87' lang='lat' dir='ltr'>Bononia.</span> <span class='ocrx_word' id='word_1_4' title='bbox 1292 1107 1415 1157; x_wconf 87' lang='lat' dir='ltr'>Tac.</span> <span class='ocrx_word' id='word_1_5' title='bbox 1462 1107 1523 1157; x_wconf 81' lang='lat' dir='ltr'>A.</span> <span class='ocrx_word' id='word_1_6' title='bbox 1560 1108 1626 1157; x_wconf 91' lang='lat'>11.</span> <span class='ocrx_word' id='word_1_7' title='bbox 1665 1111 1746 1159; x_wconf 84' lang='lat'>67.</span> <span class='ocrx_word' id='word_1_8' title='bbox 1785 1110 1849 1175; x_wconf 91' lang='lat' dir='ltr'>(a.</span> <span class='ocrx_word' id='word_1_9' title='bbox 1890 1110 2017 1177; x_wconf 77' lang='lat'><strong>70.)·.</strong></span> <span class='ocrx_word' id='word_1_10' title='bbox 2056 1109 2438 1159; x_wconf 70' lang='lat' dir='ltr'>tertiadecimani</span> <span class='ocrx_word' id='word_1_11' title='bbox 2473 1117 2661 1159; x_wconf 83' lang='lat' dir='ltr'>struere</span> 
     </span>
     <span class='ocr_line' id='line_1_2' title="bbox 243 1173 2663 1245; baseline -0.002 -13"><span class='ocrx_word' id='word_1_12' title='bbox 243 1177 605 1245; x_wconf 58' lang='lat' dir='ltr'>amphitheavm</span> <span class='ocrx_word' id='word_1_13' title='bbox 631 1177 773 1245; x_wconf 63' lang='lat' dir='ltr'>jmsi.</span> <span class='ocrx_word' id='word_1_14' title='bbox 832 1177 962 1228; x_wconf 85' lang='lat' dir='ltr'>Nam</span> <span class='ocrx_word' id='word_1_15' title='bbox 999 1175 1221 1228; x_wconf 79' lang='lat' dir='ltr'>Caecina</span> <span class='ocrx_word' id='word_1_16' title='bbox 1253 1173 1557 1239; x_wconf 74' lang='lat' dir='ltr'>Cremonae,</span> <span class='ocrx_word' id='word_1_17' title='bbox 1592 1176 1779 1228; x_wconf 85' lang='lat' dir='ltr'>Valens</span> <span class='ocrx_word' id='word_1_18' title='bbox 1813 1179 2073 1229; x_wconf 83' lang='lat' dir='ltr'>Bononiae</span> <span class='ocrx_word' id='word_1_19' title='bbox 2110 1179 2444 1244; x_wconf 82' lang='lat' dir='ltr'><strong>spectaculum</strong></span> <span class='ocrx_word' id='word_1_20' title='bbox 2478 1177 2663 1244; x_wconf 85' lang='lat' dir='ltr'>gladia-</span> 
     </span>
     <span class='ocr_line' id='line_1_3' title="bbox 240 1244 2468 1313; baseline -0.003 -11"><span class='ocrx_word' id='word_1_21' title='bbox 240 1258 421 1302; x_wconf 82' lang='lat' dir='ltr'>torum·</span> <span class='ocrx_word' id='word_1_22' title='bbox 441 1247 587 1298; x_wconf 86' lang='lat' dir='ltr'>edere</span> <span class='ocrx_word' id='word_1_23' title='bbox 621 1247 882 1313; x_wconf 80' lang='lat' dir='ltr'>parabant.</span> <span class='ocrx_word' id='word_1_24' title='bbox 955 1245 1056 1296; x_wconf 86' lang='lat' dir='ltr'>Sed</span> <span class='ocrx_word' id='word_1_25' title='bbox 1090 1244 1217 1293; x_wconf 88' lang='lat' dir='ltr'>haec</span> <span class='ocrx_word' id='word_1_26' title='bbox 1247 1245 1458 1294; x_wconf 79' lang='lat' dir='ltr'>fortasse</span> <span class='ocrx_word' id='word_1_27' title='bbox 1492 1244 1659 1311; x_wconf 88' lang='lat' dir='ltr'>lignea</span> <span class='ocrx_word' id='word_1_28' title='bbox 1692 1247 1911 1310; x_wconf 77' lang='lat' dir='ltr'>fuerunt,</span> <span class='ocrx_word' id='word_1_29' title='bbox 1950 1248 2130 1297; x_wconf 79' lang='lat' dir='ltr'>Maffei.</span> <span class='ocrx_word' id='word_1_30' title='bbox 2166 1248 2198 1296; x_wconf 88' lang='lat' dir='ltr'>l.</span> <span class='ocrx_word' id='word_1_31' title='bbox 2232 1248 2263 1296; x_wconf 95' lang='grc'>1.</span> <span class='ocrx_word' id='word_1_32' title='bbox 2302 1267 2350 1313; x_wconf 89' lang='lat' dir='ltr'>p.</span> <span class='ocrx_word' id='word_1_33' title='bbox 2390 1251 2468 1297; x_wconf 84' lang='lat'>86.</span> 
     </span>
    </p>

    <p class='ocr_par' dir='ltr' id='par_1_2' title="bbox 240 1313 2685 2213">
     <span class='ocr_line' id='line_1_4' title="bbox 379 1313 2685 1382; baseline -0.001 -16"><span class='ocrx_word' id='word_1_34' title='bbox 379 1318 624 1371; x_wconf 77' lang='lat' dir='ltr'>Parma..</span> <span class='ocrx_word' id='word_1_35' title='bbox 678 1316 850 1382; x_wconf 76' lang='lat' dir='ltr'>Lopez</span> <span class='ocrx_word' id='word_1_36' title='bbox 886 1315 1062 1366; x_wconf 86' lang='lat' dir='ltr'>lettera</span> <span class='ocrx_word' id='word_1_37' title='bbox 1097 1313 1147 1363; x_wconf 88' lang='lat' dir='ltr'>al</span> <span class='ocrx_word' id='word_1_38' title='bbox 1162 1314 1333 1365; x_wconf 82' lang='lat' dir='ltr'>Braun</span> <span class='ocrx_word' id='word_1_39' title='bbox 1367 1314 1566 1364; x_wconf 76' lang='lat' dir='ltr'>intorno</span> <span class='ocrx_word' id='word_1_40' title='bbox 1602 1314 1698 1364; x_wconf 83' lang='lat' dir='ltr'>alle</span> <span class='ocrx_word' id='word_1_41' title='bbox 1731 1317 1906 1366; x_wconf 89' lang='lat' dir='ltr'>rovine</span> <span class='ocrx_word' id='word_1_42' title='bbox 1926 1317 2054 1367; x_wconf 89' lang='lat' dir='ltr'>d&#39;un’</span> <span class='ocrx_word' id='word_1_43' title='bbox 2073 1317 2237 1366; x_wconf 87' lang='lat' dir='ltr'>antico</span> <span class='ocrx_word' id='word_1_44' title='bbox 2255 1324 2412 1367; x_wconf 84' lang='lat' dir='ltr'>teatro</span> <span class='ocrx_word' id='word_1_45' title='bbox 2432 1326 2685 1382; x_wconf 26' lang='lat' dir='ltr'>scoperto·</span> 
     </span>
     <span class='ocr_line' id='line_1_5' title="bbox 243 1382 2662 1453; baseline -0.001 -15"><span class='ocrx_word' id='word_1_46' title='bbox 243 1388 296 1438; x_wconf 92' lang='lat' dir='ltr'>in</span> <span class='ocrx_word' id='word_1_47' title='bbox 331 1387 514 1440; x_wconf 72' lang='lat' dir='ltr'>Parma</span> <span class='ocrx_word' id='word_1_48' title='bbox 547 1383 1072 1453; x_wconf 72' lang='lat' dir='ltr'>(1844)p.25:,1’an1.</span> <span class='ocrx_word' id='word_1_49' title='bbox 1111 1411 1180 1419; x_wconf 90' lang='lat'>-—</span> <span class='ocrx_word' id='word_1_50' title='bbox 1214 1382 1426 1433; x_wconf 73' lang='lat' dir='ltr'>sai-ebbe</span> <span class='ocrx_word' id='word_1_51' title='bbox 1450 1390 1578 1433; x_wconf 84' lang='lat' dir='ltr'>stato</span> <span class='ocrx_word' id='word_1_52' title='bbox 1597 1392 1753 1435; x_wconf 82' lang='lat' dir='ltr'>eretto</span> <span class='ocrx_word' id='word_1_53' title='bbox 1771 1402 1912 1435; x_wconf 90' lang='lat' dir='ltr'>come</span> <span class='ocrx_word' id='word_1_54' title='bbox 1936 1386 2137 1436; x_wconf 88' lang='lat' dir='ltr'>usavasi</span> <span class='ocrx_word' id='word_1_55' title='bbox 2161 1386 2237 1435; x_wconf 89' lang='lat' dir='ltr'>da&#39;</span> <span class='ocrx_word' id='word_1_56' title='bbox 2256 1385 2469 1436; x_wconf 74' lang='lat' dir='ltr'>Romani</span> <span class='ocrx_word' id='word_1_57' title='bbox 2487 1403 2662 1451; x_wconf 83' lang='lat' dir='ltr'>presso</span> 
     </span>
     <span class='ocr_line' id='line_1_6' title="bbox 241 1451 2662 1521; baseline -0.002 -14"><span class='ocrx_word' id='word_1_58' title='bbox 241 1456 288 1509; x_wconf 83' lang='lat' dir='ltr'>le</span> <span class='ocrx_word' id='word_1_59' title='bbox 307 1472 464 1510; x_wconf 84' lang='lat' dir='ltr'>mura.</span> <span class='ocrx_word' id='word_1_60' title='bbox 502 1472 552 1521; x_wconf 90' lang='lat' dir='ltr'>p.</span> <span class='ocrx_word' id='word_1_61' title='bbox 573 1456 654 1506; x_wconf 80' lang='lat'>26.</span> <span class='ocrx_word' id='word_1_62' title='bbox 674 1453 710 1505; x_wconf 90' lang='lat' dir='ltr'>il</span> <span class='ocrx_word' id='word_1_63' title='bbox 726 1461 898 1506; x_wconf 80' lang='lat' dir='ltr'>nostro</span> <span class='ocrx_word' id='word_1_64' title='bbox 916 1453 1020 1505; x_wconf 77' lang='lat' dir='ltr'>anf.</span> <span class='ocrx_word' id='word_1_65' title='bbox 1038 1451 1192 1519; x_wconf 85' lang='lat' dir='ltr'>(quod</span> <span class='ocrx_word' id='word_1_66' title='bbox 1208 1459 1369 1501; x_wconf 84' lang='lat' dir='ltr'>aetate</span> <span class='ocrx_word' id='word_1_67' title='bbox 1388 1452 1593 1520; x_wconf 83' lang='lat' dir='ltr'>Trajani</span> <span class='ocrx_word' id='word_1_68' title='bbox 1611 1460 1912 1505; x_wconf 85' lang='lat' dir='ltr'>exstructum</span> <span class='ocrx_word' id='word_1_69' title='bbox 1928 1456 2079 1505; x_wconf 87' lang='lat' dir='ltr'>fuisse</span> <span class='ocrx_word' id='word_1_70' title='bbox 2098 1463 2252 1521; x_wconf 86' lang='lat' dir='ltr'>putat,</span> <span class='ocrx_word' id='word_1_71' title='bbox 2274 1463 2405 1504; x_wconf 87' lang='lat' dir='ltr'>certe</span> <span class='ocrx_word' id='word_1_72' title='bbox 2421 1471 2529 1504; x_wconf 88' lang='lat' dir='ltr'>non</span> <span class='ocrx_word' id='word_1_73' title='bbox 2547 1464 2662 1503; x_wconf 82' lang='lat' dir='ltr'>ante</span> 
     </span>
     <span class='ocr_line' id='line_1_7' title="bbox 242 1520 2664 1591; baseline -0.002 -14"><span class='ocrx_word' id='word_1_74' title='bbox 242 1524 528 1577; x_wconf 78' lang='lat' dir='ltr'>incendium</span> <span class='ocrx_word' id='word_1_75' title='bbox 560 1523 727 1590; x_wconf 68' lang='lat' dir='ltr'>amph,</span> <span class='ocrx_word' id='word_1_76' title='bbox 758 1521 1038 1575; x_wconf 73' lang='lat' dir='ltr'>Placentini</span> <span class='ocrx_word' id='word_1_77' title='bbox 1081 1521 1203 1572; x_wconf 88' lang='lat' dir='ltr'>Tac.</span> <span class='ocrx_word' id='word_1_78' title='bbox 1229 1521 1369 1585; x_wconf 68' lang='lat' dir='ltr'>Eiet.</span> <span class='ocrx_word' id='word_1_79' title='bbox 1405 1520 1471 1572; x_wconf 91' lang='grc' dir='ltr'>Π.</span> <span class='ocrx_word' id='word_1_80' title='bbox 1517 1521 1619 1590; x_wconf 87' lang='grc'><strong>21.)</strong></span> <span class='ocrx_word' id='word_1_81' title='bbox 1660 1525 1782 1589; x_wconf 72' lang='lat' dir='ltr'>pote</span> <span class='ocrx_word' id='word_1_82' title='bbox 1821 1524 2048 1575; x_wconf 87' lang='lat' dir='ltr'>resistere</span> <span class='ocrx_word' id='word_1_83' title='bbox 2094 1541 2186 1591; x_wconf 90' lang='lat' dir='ltr'>per</span> <span class='ocrx_word' id='word_1_84' title='bbox 2226 1524 2366 1575; x_wconf 88' lang='lat' dir='ltr'>molti</span> <span class='ocrx_word' id='word_1_85' title='bbox 2406 1524 2556 1575; x_wconf 89' lang='lat' dir='ltr'>secoli</span> <span class='ocrx_word' id='word_1_86' title='bbox 2599 1523 2664 1573; x_wconf 89' lang='lat' dir='ltr'>ad</span> 
     </span>
     <span class='ocr_line' id='line_1_8' title="bbox 241 1589 2663 1661; baseline -0.002 -15"><span class='ocrx_word' id='word_1_87' title='bbox 241 1601 358 1647; x_wconf 81' lang='lat' dir='ltr'>onte</span> <span class='ocrx_word' id='word_1_88' title='bbox 393 1592 520 1648; x_wconf 81' lang='lat' dir='ltr'>delle</span> <span class='ocrx_word' id='word_1_89' title='bbox 555 1592 761 1648; x_wconf 80' lang='lat' dir='ltr'>vicende</span> <span class='ocrx_word' id='word_1_90' title='bbox 778 1590 1077 1659; x_wconf 77' lang='lat' dir='ltr'>guerresche</span> <span class='ocrx_word' id='word_1_91' title='bbox 1112 1592 1143 1641; x_wconf 72' lang='lat' dir='ltr'>a</span> <span class='ocrx_word' id='word_1_92' title='bbox 1178 1590 1254 1640; x_wconf 87' lang='lat' dir='ltr'>cui</span> <span class='ocrx_word' id='word_1_93' title='bbox 1289 1589 1422 1640; x_wconf 76' lang='lat' dir='ltr'>ando</span> <span class='ocrx_word' id='word_1_94' title='bbox 1455 1599 1686 1658; x_wconf 72' lang='lat' dir='ltr'>soggetto</span> <span class='ocrx_word' id='word_1_95' title='bbox 1695 1592 1761 1659; x_wconf 75' lang='lat'>⁸⁸),</span> <span class='ocrx_word' id='word_1_96' title='bbox 1798 1593 1896 1642; x_wconf 90' lang='lat' dir='ltr'>alla</span> <span class='ocrx_word' id='word_1_97' title='bbox 1930 1594 2150 1643; x_wconf 72' lang='lat' dir='ltr'>voracita</span> <span class='ocrx_word' id='word_1_98' title='bbox 2184 1593 2265 1642; x_wconf 88' lang='lat' dir='ltr'>del</span> <span class='ocrx_word' id='word_1_99' title='bbox 2297 1602 2467 1661; x_wconf 89' lang='lat' dir='ltr'>tempo</span> <span class='ocrx_word' id='word_1_100' title='bbox 2486 1593 2549 1641; x_wconf 84' lang='lat' dir='ltr'>ed</span> <span class='ocrx_word' id='word_1_101' title='bbox 2566 1593 2663 1641; x_wconf 86' lang='lat' dir='ltr'>alle</span> 
     </span>
     <span class='ocr_line' id='line_1_9' title="bbox 244 1659 2662 1729; baseline -0.002 -13"><span class='ocrx_word' id='word_1_102' title='bbox 244 1662 475 1717; x_wconf 75' lang='lat' dir='ltr'>barbarie</span> <span class='ocrx_word' id='word_1_103' title='bbox 509 1662 643 1729; x_wconf 74' lang='lat' dir='ltr'>degli</span> <span class='ocrx_word' id='word_1_104' title='bbox 676 1662 887 1725; x_wconf 77' lang='lat' dir='ltr'>nomini,</span> <span class='ocrx_word' id='word_1_105' title='bbox 925 1660 1202 1728; x_wconf 72' lang='lat' dir='ltr'>dappoiche</span> <span class='ocrx_word' id='word_1_106' title='bbox 1235 1659 1277 1709; x_wconf 85' lang='lat' dir='ltr'>si</span> <span class='ocrx_word' id='word_1_107' title='bbox 1311 1667 1455 1709; x_wconf 86' lang='lat' dir='ltr'>trova</span> <span class='ocrx_word' id='word_1_108' title='bbox 1488 1660 1622 1709; x_wconf 86' lang='lat' dir='ltr'>bella</span> <span class='ocrx_word' id='word_1_109' title='bbox 1655 1663 1894 1711; x_wconf 85' lang='lat' dir='ltr'>memoria</span> <span class='ocrx_word' id='word_1_110' title='bbox 1927 1681 2032 1711; x_wconf 89' lang='lat' dir='ltr'>non</span> <span class='ocrx_word' id='word_1_111' title='bbox 2067 1663 2175 1712; x_wconf 91' lang='lat' dir='ltr'>solo</span> <span class='ocrx_word' id='word_1_112' title='bbox 2210 1665 2288 1711; x_wconf 90' lang='lat' dir='ltr'>ne&#39;</span> <span class='ocrx_word' id='word_1_113' title='bbox 2323 1663 2480 1711; x_wconf 83' lang='lat' dir='ltr'>nostri</span> <span class='ocrx_word' id='word_1_114' title='bbox 2498 1662 2662 1711; x_wconf 82' lang='lat' dir='ltr'>statuti</span> 
     </span>
     <span class='ocr_line' id='line_1_10' title="bbox 243 1729 2662 1797; baseline -0.002 -12"><span class='ocrx_word' id='word_1_115' title='bbox 243 1733 325 1785; x_wconf 84' lang='lat' dir='ltr'>del</span> <span class='ocrx_word' id='word_1_116' title='bbox 365 1732 496 1786; x_wconf 83' lang='lat'>1255</span> <span class='ocrx_word' id='word_1_117' title='bbox 532 1730 693 1797; x_wconf 75' lang='lat' dir='ltr'>(Pezz.</span> <span class='ocrx_word' id='word_1_118' title='bbox 731 1738 847 1782; x_wconf 78' lang='lat' dir='ltr'>stor.</span> <span class='ocrx_word' id='word_1_119' title='bbox 886 1730 1025 1781; x_wconf 33' lang='lat' dir='ltr'>div-P.</span> <span class='ocrx_word' id='word_1_120' title='bbox 1064 1730 1125 1780; x_wconf 90' lang='grc' dir='ltr'>Τ.</span> <span class='ocrx_word' id='word_1_121' title='bbox 1162 1730 1205 1780; x_wconf 91' lang='grc' dir='ltr'>Ι.</span> <span class='ocrx_word' id='word_1_122' title='bbox 1250 1729 1381 1795; x_wconf 88' lang='lat' dir='ltr'><strong>App.</strong></span> <span class='ocrx_word' id='word_1_123' title='bbox 1418 1730 1451 1778; x_wconf 76' lang='lat' dir='ltr'>f.</span> <span class='ocrx_word' id='word_1_124' title='bbox 1491 1732 1554 1779; x_wconf 89' lang='lat'>36</span> <span class='ocrx_word' id='word_1_125' title='bbox 1591 1729 1644 1779; x_wconf 92' lang='lat' dir='ltr'>n⁰</span> <span class='ocrx_word' id='word_1_126' title='bbox 1679 1732 1781 1794; x_wconf 85' lang='lat'>30),</span> <span class='ocrx_word' id='word_1_127' title='bbox 1829 1749 1912 1780; x_wconf 89' lang='lat' dir='ltr'>ma</span> <span class='ocrx_word' id='word_1_128' title='bbox 1946 1732 2167 1781; x_wconf 90' lang='lat' dir='ltr'>eziandio</span> <span class='ocrx_word' id='word_1_129' title='bbox 2203 1731 2287 1780; x_wconf 90' lang='lat' dir='ltr'>nel</span> <span class='ocrx_word' id='word_1_130' title='bbox 2323 1732 2490 1781; x_wconf 87' lang='lat' dir='ltr'>codice</span> <span class='ocrx_word' id='word_1_131' title='bbox 2526 1740 2662 1780; x_wconf 90' lang='lat' dir='ltr'>terzo</span> 
     </span>
     <span class='ocr_line' id='line_1_11' title="bbox 240 1797 2660 1866; baseline -0.002 -14"><span class='ocrx_word' id='word_1_132' title='bbox 240 1802 368 1853; x_wconf 81' lang='lat' dir='ltr'>delle</span> <span class='ocrx_word' id='word_1_133' title='bbox 403 1801 560 1866; x_wconf 81' lang='lat' dir='ltr'>nostri</span> <span class='ocrx_word' id='word_1_134' title='bbox 593 1800 728 1866; x_wconf 84' lang='lat' dir='ltr'>leggi</span> <span class='ocrx_word' id='word_1_135' title='bbox 761 1797 1042 1864; x_wconf 72' lang='lat' dir='ltr'>municipali</span> <span class='ocrx_word' id='word_1_136' title='bbox 1080 1798 1130 1848; x_wconf 92' lang='lat' dir='ltr'>di</span> <span class='ocrx_word' id='word_1_137' title='bbox 1169 1799 1316 1857; x_wconf 86' lang='lat'>1317,</span> <span class='ocrx_word' id='word_1_138' title='bbox 1354 1814 1479 1862; x_wconf 81' lang='lat' dir='ltr'>quae</span> <span class='ocrx_word' id='word_1_139' title='bbox 1514 1806 1685 1848; x_wconf 77' lang='lat' dir='ltr'>vetant</span> <span class='ocrx_word' id='word_1_140' title='bbox 1718 1801 1890 1849; x_wconf 90' lang='lat' dir='ltr'>sordes</span> <span class='ocrx_word' id='word_1_141' title='bbox 1929 1801 2118 1849; x_wconf 88' lang='lat' dir='ltr'>deferre</span> <span class='ocrx_word' id='word_1_142' title='bbox 2152 1802 2206 1849; x_wconf 90' lang='lat' dir='ltr'>in</span> <span class='ocrx_word' id='word_1_143' title='bbox 2224 1801 2660 1865; x_wconf 82' lang='lat' dir='ltr'>amphitheatrum:</span> 
     </span>
     <span class='ocr_line' id='line_1_12' title="bbox 243 1865 2663 1938; baseline -0.002 -17"><span class='ocrx_word' id='word_1_144' title='bbox 243 1870 378 1938; x_wconf 84' lang='lat' dir='ltr'>quod</span> <span class='ocrx_word' id='word_1_145' title='bbox 412 1886 540 1934; x_wconf 57' lang='lat' dir='ltr'>,cum</span> <span class='ocrx_word' id='word_1_146' title='bbox 560 1868 698 1920; x_wconf 87' lang='lat' dir='ltr'>multi</span> <span class='ocrx_word' id='word_1_147' title='bbox 732 1868 956 1919; x_wconf 77' lang='lat' dir='ltr'>forenses</span> <span class='ocrx_word' id='word_1_148' title='bbox 992 1866 1191 1933; x_wconf 86' lang='lat' dir='ltr'>quando</span> <span class='ocrx_word' id='word_1_149' title='bbox 1228 1874 1344 1916; x_wconf 86' lang='lat' dir='ltr'>sunt</span> <span class='ocrx_word' id='word_1_150' title='bbox 1366 1865 1419 1914; x_wconf 90' lang='lat' dir='ltr'>in</span> <span class='ocrx_word' id='word_1_151' title='bbox 1443 1866 1638 1916; x_wconf 81' lang='lat' dir='ltr'>civitate</span> <span class='ocrx_word' id='word_1_152' title='bbox 1655 1867 1837 1917; x_wconf 89' lang='lat' dir='ltr'>Parma</span> <span class='ocrx_word' id='word_1_153' title='bbox 1854 1869 2040 1918; x_wconf 86' lang='lat' dir='ltr'>vadant</span> <span class='ocrx_word' id='word_1_154' title='bbox 2056 1869 2121 1917; x_wconf 89' lang='lat' dir='ltr'>ad</span> <span class='ocrx_word' id='word_1_155' title='bbox 2136 1868 2403 1918; x_wconf 83' lang='lat' dir='ltr'>videndum</span> <span class='ocrx_word' id='word_1_156' title='bbox 2420 1869 2663 1918; x_wconf 83' lang='lat' dir='ltr'>Palatium</span> 
     </span>
     <span class='ocr_line' id='line_1_13' title="bbox 240 1934 2667 2005; baseline -0.002 -13"><span class='ocrx_word' id='word_1_157' title='bbox 240 1938 429 1992; x_wconf 88' lang='lat' dir='ltr'>domini</span> <span class='ocrx_word' id='word_1_158' title='bbox 459 1937 793 2005; x_wconf 64' lang='grc' dir='ltr'>Ιωρθηῐοτίε,</span> <span class='ocrx_word' id='word_1_159' title='bbox 831 1935 964 2003; x_wconf 90' lang='lat' dir='ltr'>quod</span> <span class='ocrx_word' id='word_1_160' title='bbox 999 1942 1075 1985; x_wconf 89' lang='lat' dir='ltr'>est</span> <span class='ocrx_word' id='word_1_161' title='bbox 1107 1936 1159 1984; x_wconf 92' lang='lat' dir='ltr'>in</span> <span class='ocrx_word' id='word_1_162' title='bbox 1193 1934 1377 1996; x_wconf 80' lang='lat' dir='ltr'>Arena,</span> <span class='ocrx_word' id='word_1_163' title='bbox 1415 1943 1464 1984; x_wconf 89' lang='lat' dir='ltr'>et</span> <span class='ocrx_word' id='word_1_164' title='bbox 1497 1935 1550 1984; x_wconf 87' lang='lat' dir='ltr'>in</span> <span class='ocrx_word' id='word_1_165' title='bbox 1583 1936 1695 2001; x_wconf 86' lang='lat' dir='ltr'>ipsa</span> <span class='ocrx_word' id='word_1_166' title='bbox 1728 1954 1881 1986; x_wconf 87' lang='lat' dir='ltr'>arena</span> <span class='ocrx_word' id='word_1_167' title='bbox 1916 1937 2197 1987; x_wconf 81' lang='lat' dir='ltr'>deferantur</span> <span class='ocrx_word' id='word_1_168' title='bbox 2230 1938 2386 1987; x_wconf 86' lang='lat' dir='ltr'>multa</span> <span class='ocrx_word' id='word_1_169' title='bbox 2417 1938 2581 2004; x_wconf 85' lang='lat' dir='ltr'>turpia</span> <span class='ocrx_word' id='word_1_170' title='bbox 2617 1945 2667 1987; x_wconf 87' lang='lat' dir='ltr'>et</span> 
     </span>
     <span class='ocr_line' id='line_1_14' title="bbox 240 2004 2662 2075; baseline -0.001 -16"><span class='ocrx_word' id='word_1_171' title='bbox 240 2011 431 2075; x_wconf 85' lang='lat' dir='ltr'>inepta,</span> <span class='ocrx_word' id='word_1_172' title='bbox 478 2007 705 2057; x_wconf 88' lang='lat' dir='ltr'>videlicet</span> <span class='ocrx_word' id='word_1_173' title='bbox 746 2005 977 2071; x_wconf 85' lang='lat' dir='ltr'>animalia</span> <span class='ocrx_word' id='word_1_174' title='bbox 1018 2011 1233 2066; x_wconf 89' lang='lat' dir='ltr'>mortua,</span> <span class='ocrx_word' id='word_1_175' title='bbox 1278 2004 1434 2052; x_wconf 91' lang='lat' dir='ltr'>lutum</span> <span class='ocrx_word' id='word_1_176' title='bbox 1472 2005 1532 2053; x_wconf 88' lang='lat' dir='ltr'>de</span> <span class='ocrx_word' id='word_1_177' title='bbox 1568 2005 1804 2056; x_wconf 89' lang='lat' dir='ltr'>andronis</span> <span class='ocrx_word' id='word_1_178' title='bbox 1839 2016 1889 2056; x_wconf 86' lang='lat' dir='ltr'>et</span> <span class='ocrx_word' id='word_1_179' title='bbox 1923 2006 2020 2056; x_wconf 88' lang='lat' dir='ltr'>alia</span> <span class='ocrx_word' id='word_1_180' title='bbox 2055 2024 2204 2073; x_wconf 88' lang='lat' dir='ltr'>quam</span> <span class='ocrx_word' id='word_1_181' title='bbox 2240 2007 2449 2072; x_wconf 89' lang='lat' dir='ltr'>plurima</span> <span class='ocrx_word' id='word_1_182' title='bbox 2483 2006 2662 2072; x_wconf 88' lang='lat' dir='ltr'>turpia,</span> 
     </span>
     <span class='ocr_line' id='line_1_15' title="bbox 240 2071 2663 2144; baseline -0.002 -16"><span class='ocrx_word' id='word_1_183' title='bbox 240 2095 368 2144; x_wconf 88' lang='lat' dir='ltr'>quae</span> <span class='ocrx_word' id='word_1_184' title='bbox 404 2076 683 2127; x_wconf 89' lang='lat' dir='ltr'>redundant</span> <span class='ocrx_word' id='word_1_185' title='bbox 716 2076 769 2124; x_wconf 92' lang='lat' dir='ltr'>in</span> <span class='ocrx_word' id='word_1_186' title='bbox 805 2075 1018 2125; x_wconf 83' lang='lat' dir='ltr'>dedecus</span> <span class='ocrx_word' id='word_1_187' title='bbox 1065 2073 1332 2123; x_wconf 81' lang='lat' dir='ltr'>maximum</span> <span class='ocrx_word' id='word_1_188' title='bbox 1368 2071 1658 2136; x_wconf 77' lang='lat' dir='ltr'>Communis</span> <span class='ocrx_word' id='word_1_189' title='bbox 1694 2074 1903 2125; x_wconf 88' lang='lat' dir='ltr'>Parmae</span> <span class='ocrx_word' id='word_1_190' title='bbox 1949 2084 1997 2124; x_wconf 87' lang='lat' dir='ltr'>et</span> <span class='ocrx_word' id='word_1_191' title='bbox 2044 2076 2318 2126; x_wconf 90' lang='lat' dir='ltr'>vicinorum</span> <span class='ocrx_word' id='word_1_192' title='bbox 2363 2076 2663 2125; x_wconf 87' lang='lat' dir='ltr'>morantium</span> 
     </span>
     <span class='ocr_line' id='line_1_16' title="bbox 244 2141 2486 2213; baseline -0.004 -15"><span class='ocrx_word' id='word_1_193' title='bbox 244 2147 376 2199; x_wconf 82' lang='lat' dir='ltr'>circa</span> <span class='ocrx_word' id='word_1_194' title='bbox 411 2153 461 2202; x_wconf 85' lang='lat' dir='ltr'>et</span> <span class='ocrx_word' id='word_1_195' title='bbox 493 2160 650 2213; x_wconf 83' lang='lat' dir='ltr'>penes</span> <span class='ocrx_word' id='word_1_196' title='bbox 685 2144 847 2211; x_wconf 83' lang='lat' dir='ltr'>ipsam</span> <span class='ocrx_word' id='word_1_197' title='bbox 882 2143 1103 2192; x_wconf 88' lang='lat' dir='ltr'>Arenam</span> <span class='ocrx_word' id='word_1_198' title='bbox 1139 2150 1188 2191; x_wconf 89' lang='lat' dir='ltr'>et</span> <span class='ocrx_word' id='word_1_199' title='bbox 1220 2141 1463 2192; x_wconf 85' lang='lat' dir='ltr'>Palatium</span> <span class='ocrx_word' id='word_1_200' title='bbox 1499 2159 1653 2207; x_wconf 89' lang='lat' dir='ltr'>supra</span> <span class='ocrx_word' id='word_1_201' title='bbox 1688 2142 1886 2192; x_wconf 82' lang='lat' dir='ltr'>dictum.</span> <span class='ocrx_word' id='word_1_202' title='bbox 2479 2170 2486 2178; x_wconf 89' lang='lat'><strong>·</strong></span> 
     </span>
    </p>

    <p class='ocr_par' dir='ltr' id='par_1_3' title="bbox 243 2210 2664 2489">
     <span class='ocr_line' id='line_1_17' title="bbox 382 2210 2664 2279; baseline 0 -15"><span class='ocrx_word' id='word_1_203' title='bbox 382 2215 722 2265; x_wconf 87' lang='lat' dir='ltr'>Placentia.</span> <span class='ocrx_word' id='word_1_204' title='bbox 797 2213 1065 2262; x_wconf 87' lang='lat' dir='ltr'>Tac.Hist.</span> <span class='ocrx_word' id='word_1_205' title='bbox 1103 2213 1169 2260; x_wconf 89' lang='lat' dir='ltr'>H.</span> <span class='ocrx_word' id='word_1_206' title='bbox 1209 2214 1288 2260; x_wconf 85' lang='lat'>21.</span> <span class='ocrx_word' id='word_1_207' title='bbox 1326 2210 1390 2275; x_wconf 87' lang='lat' dir='ltr'>(a.</span> <span class='ocrx_word' id='word_1_208' title='bbox 1427 2229 1476 2275; x_wconf 90' lang='lat' dir='ltr'>p.</span> <span class='ocrx_word' id='word_1_209' title='bbox 1499 2210 1618 2261; x_wconf 82' lang='lat' dir='ltr'>Chr.</span> <span class='ocrx_word' id='word_1_210' title='bbox 1659 2212 1782 2279; x_wconf 79' lang='lat'><strong>70.):</strong></span> <span class='ocrx_word' id='word_1_211' title='bbox 1819 2213 1872 2262; x_wconf 88' lang='lat' dir='ltr'>in</span> <span class='ocrx_word' id='word_1_212' title='bbox 1909 2232 1967 2263; x_wconf 92' lang='lat' dir='ltr'>eo</span> <span class='ocrx_word' id='word_1_213' title='bbox 1993 2213 2259 2263; x_wconf 83' lang='lat' dir='ltr'>certamine</span> <span class='ocrx_word' id='word_1_214' title='bbox 2280 2213 2664 2279; x_wconf 87' lang='lat' dir='ltr'>pulcherrimum</span> 
     </span>
     <span class='ocr_line' id='line_1_18' title="bbox 245 2280 2663 2352; baseline 0 -18"><span class='ocrx_word' id='word_1_215' title='bbox 245 2284 593 2352; x_wconf 87' lang='lat' dir='ltr'>amphitheatri</span> <span class='ocrx_word' id='word_1_216' title='bbox 629 2300 768 2350; x_wconf 81' lang='lat' dir='ltr'>opus,</span> <span class='ocrx_word' id='word_1_217' title='bbox 807 2282 953 2331; x_wconf 89' lang='lat' dir='ltr'>situm</span> <span class='ocrx_word' id='word_1_218' title='bbox 989 2289 1127 2330; x_wconf 89' lang='lat' dir='ltr'>extra</span> <span class='ocrx_word' id='word_1_219' title='bbox 1161 2298 1329 2329; x_wconf 85' lang='lat' dir='ltr'>muros</span> <span class='ocrx_word' id='word_1_220' title='bbox 1366 2280 1690 2345; x_wconf 82' lang='lat' dir='ltr'>conflagravit</span> <span class='ocrx_word' id='word_1_221' title='bbox 1725 2311 1794 2318; x_wconf 92' lang='lat'>—</span> <span class='ocrx_word' id='word_1_222' title='bbox 1821 2281 2117 2349; x_wconf 86' lang='lat' dir='ltr'>municipale</span> <span class='ocrx_word' id='word_1_223' title='bbox 2137 2282 2328 2349; x_wconf 82' lang='lat' dir='ltr'>volgus,</span> <span class='ocrx_word' id='word_1_224' title='bbox 2367 2301 2580 2349; x_wconf 87' lang='lat' dir='ltr'>pronum</span> <span class='ocrx_word' id='word_1_225' title='bbox 2600 2283 2663 2333; x_wconf 89' lang='lat' dir='ltr'>ad</span> 
     </span>
     <span class='ocr_line' id='line_1_19' title="bbox 245 2349 2662 2421; baseline -0.001 -17"><span class='ocrx_word' id='word_1_226' title='bbox 245 2355 569 2421; x_wconf 85' lang='lat' dir='ltr'>suspitiones,</span> <span class='ocrx_word' id='word_1_227' title='bbox 606 2352 779 2401; x_wconf 83' lang='lat' dir='ltr'>fraude</span> <span class='ocrx_word' id='word_1_228' title='bbox 813 2351 949 2400; x_wconf 84' lang='lat' dir='ltr'>illata</span> <span class='ocrx_word' id='word_1_229' title='bbox 982 2350 1112 2417; x_wconf 86' lang='lat' dir='ltr'>ignis</span> <span class='ocrx_word' id='word_1_230' title='bbox 1148 2349 1382 2400; x_wconf 85' lang='lat' dir='ltr'>alimenta</span> <span class='ocrx_word' id='word_1_231' title='bbox 1418 2349 1622 2399; x_wconf 84' lang='lat' dir='ltr'>credidit</span> <span class='ocrx_word' id='word_1_232' title='bbox 1657 2369 1688 2400; x_wconf 89' lang='lat' dir='ltr'>a</span> <span class='ocrx_word' id='word_1_233' title='bbox 1722 2351 2016 2417; x_wconf 87' lang='lat' dir='ltr'>quibusdam</span> <span class='ocrx_word' id='word_1_234' title='bbox 2052 2370 2078 2402; x_wconf 90' lang='lat' dir='ltr'>e</span> <span class='ocrx_word' id='word_1_235' title='bbox 2115 2352 2286 2403; x_wconf 87' lang='lat' dir='ltr'>vicinis</span> <span class='ocrx_word' id='word_1_236' title='bbox 2326 2352 2556 2413; x_wconf 75' lang='lat' dir='ltr'>coloniis,</span> <span class='ocrx_word' id='word_1_237' title='bbox 2594 2353 2662 2403; x_wconf 91' lang='lat' dir='ltr'>in-</span> 
     </span>
     <span class='ocr_line' id='line_1_20' title="bbox 243 2417 2142 2489; baseline -0.001 -15"><span class='ocrx_word' id='word_1_238' title='bbox 243 2424 377 2474; x_wconf 86' lang='lat' dir='ltr'>vidia</span> <span class='ocrx_word' id='word_1_239' title='bbox 413 2431 461 2473; x_wconf 91' lang='lat' dir='ltr'>et</span> <span class='ocrx_word' id='word_1_240' title='bbox 495 2421 837 2483; x_wconf 85' lang='lat' dir='ltr'>aemulatione,</span> <span class='ocrx_word' id='word_1_241' title='bbox 876 2419 1009 2489; x_wconf 90' lang='lat' dir='ltr'>quod</span> <span class='ocrx_word' id='word_1_242' title='bbox 1044 2419 1180 2470; x_wconf 85' lang='lat' dir='ltr'>nulla</span> <span class='ocrx_word' id='word_1_243' title='bbox 1213 2418 1267 2469; x_wconf 91' lang='lat' dir='ltr'>in</span> <span class='ocrx_word' id='word_1_244' title='bbox 1301 2417 1443 2469; x_wconf 89' lang='lat' dir='ltr'>Italia</span> <span class='ocrx_word' id='word_1_245' title='bbox 1477 2417 1635 2470; x_wconf 90' lang='lat' dir='ltr'>moles</span> <span class='ocrx_word' id='word_1_246' title='bbox 1670 2428 1773 2470; x_wconf 91' lang='lat' dir='ltr'>tam</span> <span class='ocrx_word' id='word_1_247' title='bbox 1810 2439 1968 2489; x_wconf 83' lang='lat' dir='ltr'>capax</span> <span class='ocrx_word' id='word_1_248' title='bbox 2002 2421 2142 2473; x_wconf 89' lang='lat' dir='ltr'>foret.</span> 
     </span>
    </p>

    <p class='ocr_par' dir='ltr' id='par_1_4' title="bbox 380 2490 1092 2560">
     <span class='ocr_line' id='line_1_21' title="bbox 380 2490 1092 2560; baseline -0.008 -15"><span class='ocrx_word' id='word_1_249' title='bbox 380 2492 645 2560; x_wconf 88' lang='lat' dir='ltr'>Velleja.</span> <span class='ocrx_word' id='word_1_250' title='bbox 717 2491 958 2542; x_wconf 89' lang='lat' dir='ltr'>Huebner</span> <span class='ocrx_word' id='word_1_251' title='bbox 991 2490 1024 2540; x_wconf 93' lang='grc'>1.</span> <span class='ocrx_word' id='word_1_252' title='bbox 1060 2490 1092 2540; x_wconf 93' lang='lat' dir='ltr'>l.</span> 
     </span>
    </p>

    <p class='ocr_par' dir='ltr' id='par_1_5' title="bbox 382 2557 1436 2628">
     <span class='ocr_line' id='line_1_22' title="bbox 382 2557 1436 2628; baseline -0.005 -16"><span class='ocrx_word' id='word_1_253' title='bbox 382 2562 482 2628; x_wconf 94' lang='lat' dir='ltr'>(Li</span> <span class='ocrx_word' id='word_1_254' title='bbox 540 2560 704 2628; x_wconf 89' lang='lat' dir='ltr'>uria)</span> <span class='ocrx_word' id='word_1_255' title='bbox 740 2560 1038 2621; x_wconf 89' lang='lat' dir='ltr'>Libarna.</span> <span class='ocrx_word' id='word_1_256' title='bbox 1109 2558 1301 2612; x_wconf 89' lang='lat' dir='ltr'>Promis</span> <span class='ocrx_word' id='word_1_257' title='bbox 1337 2557 1368 2608; x_wconf 93' lang='lat' dir='ltr'>l.</span> <span class='ocrx_word' id='word_1_258' title='bbox 1405 2559 1436 2608; x_wconf 90' lang='lat' dir='ltr'>l.</span> 
     </span>
    </p>

    <p class='ocr_par' dir='ltr' id='par_1_6' title="bbox 293 2628 2039 2836">
     <span class='ocr_line' id='line_1_23' title="bbox 293 2628 954 2696; baseline -0.008 -13"><span class='ocrx_word' id='word_1_259' title='bbox 293 2693 294 2696; x_wconf 8' lang='grc' dir='ltr'><strong>Ἴ</strong></span> <span class='ocrx_word' id='word_1_260' title='bbox 380 2631 489 2682; x_wconf 93' lang='lat' dir='ltr'>Pol</span> <span class='ocrx_word' id='word_1_261' title='bbox 520 2630 707 2683; x_wconf 63' lang='lat' dir='ltr'>‘entiai</span> <span class='ocrx_word' id='word_1_262' title='bbox 778 2628 852 2681; x_wconf 91' lang='lat' dir='ltr'>Id.</span> <span class='ocrx_word' id='word_1_263' title='bbox 888 2628 954 2679; x_wconf 87' lang='lat' dir='ltr'>ib.</span> 
     </span>
     <span class='ocr_line' id='line_1_24' title="bbox 296 2692 2039 2767; baseline -0.002 -16"><span class='ocrx_word' id='word_1_264' title='bbox 296 2702 313 2724; x_wconf 71' lang='grc'>’·</span> <span class='ocrx_word' id='word_1_265' title='bbox 380 2699 674 2767; x_wconf 85' lang='lat' dir='ltr'>(Venetia</span> <span class='ocrx_word' id='word_1_266' title='bbox 708 2705 764 2749; x_wconf 88' lang='lat' dir='ltr'>et</span> <span class='ocrx_word' id='word_1_267' title='bbox 795 2692 1067 2766; x_wconf 89' lang='lat' dir='ltr'>Histria)</span> <span class='ocrx_word' id='word_1_268' title='bbox 1101 2696 1352 2749; x_wconf 88' lang='lat' dir='ltr'>Hadria.</span> <span class='ocrx_word' id='word_1_269' title='bbox 1424 2698 1496 2748; x_wconf 92' lang='lat' dir='ltr'>Id.</span> <span class='ocrx_word' id='word_1_270' title='bbox 1533 2698 1599 2748; x_wconf 90' lang='lat' dir='ltr'>ib.</span> <span class='ocrx_word' id='word_1_271' title='bbox 1636 2698 1904 2750; x_wconf 89' lang='lat' dir='ltr'>Deminicis</span> <span class='ocrx_word' id='word_1_272' title='bbox 1939 2700 1971 2748; x_wconf 92' lang='grc'>1.</span> <span class='ocrx_word' id='word_1_273' title='bbox 2008 2700 2039 2749; x_wconf 93' lang='lat' dir='ltr'>l.</span> 
     </span>
     <span class='ocr_line' id='line_1_25' title="bbox 381 2763 1416 2836; baseline -0.003 -16"><span class='ocrx_word' id='word_1_274' title='bbox 381 2768 689 2836; x_wconf 89' lang='lat' dir='ltr'>Aquileja.</span> <span class='ocrx_word' id='word_1_275' title='bbox 760 2786 807 2818; x_wconf 87' lang='lat' dir='ltr'>v.</span> <span class='ocrx_word' id='word_1_276' title='bbox 844 2768 1013 2834; x_wconf 71' lang='lat' dir='ltr'>pr‘ogr.</span> <span class='ocrx_word' id='word_1_277' title='bbox 1050 2767 1099 2817; x_wconf 89' lang='lat' dir='ltr'>h.</span> <span class='ocrx_word' id='word_1_278' title='bbox 1130 2768 1167 2836; x_wconf 87' lang='lat' dir='ltr'>j.</span> <span class='ocrx_word' id='word_1_279' title='bbox 1204 2763 1244 2816; x_wconf 89' lang='lat' dir='ltr'>I.</span> <span class='ocrx_word' id='word_1_280' title='bbox 1280 2783 1331 2832; x_wconf 92' lang='lat' dir='ltr'>p.</span> <span class='ocrx_word' id='word_1_281' title='bbox 1370 2768 1416 2817; x_wconf 79' lang='lat'>7.</span> 
     </span>
    </p>
   </div>
   <div class='ocr_carea' id='block_1_2' title="bbox 253 2914 595 2928">
    <p class='ocr_par' dir='ltr' id='par_1_7' title="bbox 253 2914 595 2928">
     <span class='ocr_line' id='line_1_26' title="bbox 253 2914 595 2928; baseline 0 919"><span class='ocrx_word' id='word_1_282' title='bbox 253 2914 595 2928; x_wconf 95' lang='lat' dir='ltr'> </span> 
     </span>
    </p>
   </div>
   <div class='ocr_carea' id='block_1_3' title="bbox 248 3017 2663 3149">
    <p class='ocr_par' dir='ltr' id='par_1_8' title="bbox 248 3017 2663 3149">
     <span class='ocr_line' id='line_1_27' title="bbox 359 3017 2662 3081; baseline 0.001 -16"><span class='ocrx_word' id='word_1_283' title='bbox 359 3023 403 3078; x_wconf 74' lang='lat'>⁸)</span> <span class='ocrx_word' id='word_1_284' title='bbox 438 3020 600 3080; x_wconf 85' lang='lat' dir='ltr'>Agath.</span> <span class='ocrx_word' id='word_1_285' title='bbox 639 3020 752 3063; x_wconf 87' lang='lat' dir='ltr'>Hist.</span> <span class='ocrx_word' id='word_1_286' title='bbox 791 3018 826 3062; x_wconf 93' lang='grc' dir='ltr'>Ι.</span> <span class='ocrx_word' id='word_1_287' title='bbox 870 3021 929 3063; x_wconf 85' lang='lat'>15.</span> <span class='ocrx_word' id='word_1_288' title='bbox 970 3019 1033 3061; x_wconf 87' lang='lat' dir='ltr'>ed.</span> <span class='ocrx_word' id='word_1_289' title='bbox 1072 3017 1267 3060; x_wconf 87' lang='lat' dir='ltr'>Niebuhr</span> <span class='ocrx_word' id='word_1_290' title='bbox 1297 3034 1337 3075; x_wconf 89' lang='lat' dir='ltr'>p.</span> <span class='ocrx_word' id='word_1_291' title='bbox 1380 3021 1445 3069; x_wconf 86' lang='lat'>15,</span> <span class='ocrx_word' id='word_1_292' title='bbox 1476 3021 1502 3063; x_wconf 92' lang='lat'><strong>3</strong></span> <span class='ocrx_word' id='word_1_293' title='bbox 1538 3022 1788 3072; x_wconf 80' lang='grc' dir='ltr'><em>Βουιιλῖνος</em></span> <span class='ocrx_word' id='word_1_294' title='bbox 1821 3019 1843 3064; x_wconf 77' lang='grc' dir='ltr'><em>ὃ</em></span> <span class='ocrx_word' id='word_1_295' title='bbox 1879 3027 1960 3064; x_wconf 83' lang='grc' dir='ltr'>τῶν</span> <span class='ocrx_word' id='word_1_296' title='bbox 1995 3020 2208 3079; x_wconf 78' lang='grc' dir='ltr'><em>Φράγγων</em></span> <span class='ocrx_word' id='word_1_297' title='bbox 2240 3017 2412 3076; x_wconf 75' lang='grc' dir='ltr'><em>ἡγεμὼν</em></span> <span class='ocrx_word' id='word_1_298' title='bbox 2444 3020 2490 3074; x_wconf 75' lang='grc' dir='ltr'>ἐς</span> <span class='ocrx_word' id='word_1_299' title='bbox 2521 3020 2662 3081; x_wconf 76' lang='grc' dir='ltr'><strong><em>ἀμφι·</em></strong></span> 
     </span>
     <span class='ocr_line' id='line_1_28' title="bbox 248 3072 2663 3149; baseline 0.002 -26"><span class='ocrx_word' id='word_1_300' title='bbox 248 3081 441 3140; x_wconf 76' lang='grc' dir='ltr'><em>θέατρόν</em></span> <span class='ocrx_word' id='word_1_301' title='bbox 471 3098 514 3125; x_wconf 86' lang='grc' dir='ltr'>τι</span> <span class='ocrx_word' id='word_1_302' title='bbox 546 3077 598 3123; x_wconf 80' lang='grc' dir='ltr'>οὗ</span> <span class='ocrx_word' id='word_1_303' title='bbox 630 3079 788 3140; x_wconf 77' lang='grc' dir='ltr'><em>πόῤῥω</em></span> <span class='ocrx_word' id='word_1_304' title='bbox 819 3084 894 3134; x_wconf 78' lang='grc' dir='ltr'>τῆς</span> <span class='ocrx_word' id='word_1_305' title='bbox 925 3076 1097 3129; x_wconf 81' lang='grc' dir='ltr'><em>πόλεως</em></span> <span class='ocrx_word' id='word_1_306' title='bbox 1128 3075 1357 3132; x_wconf 77' lang='grc' dir='ltr'><em>ἱδρυμένον</em></span> <span class='ocrx_word' id='word_1_307' title='bbox 1388 3078 1552 3128; x_wconf 73' lang='grc' dir='ltr'><em>(ἀνεῖτο</em></span> <span class='ocrx_word' id='word_1_308' title='bbox 1585 3081 1633 3123; x_wconf 83' lang='grc' dir='ltr'>δὲ</span> <span class='ocrx_word' id='word_1_309' title='bbox 1665 3083 1795 3122; x_wconf 80' lang='grc' dir='ltr'><strong><em>τοῦτο</em></strong></span> <span class='ocrx_word' id='word_1_310' title='bbox 1828 3076 2052 3134; x_wconf 71' lang='grc' dir='ltr'><em>ἀνδράσιν,</em></span> <span class='ocrx_word' id='word_1_311' title='bbox 2084 3072 2313 3149; x_wconf 65' lang='grc' dir='ltr'><em>οἶςὸβίρς</em></span> <span class='ocrx_word' id='word_1_312' title='bbox 2333 3082 2567 3136; x_wconf 72' lang='grc' dir='ltr'><em>θεωμένου</em></span> <span class='ocrx_word' id='word_1_313' title='bbox 2584 3084 2663 3127; x_wconf 82' lang='grc' dir='ltr'>τοῦ</span> 
     </span>
    </p>
   </div>
   <div class='ocr_carea' id='block_1_4' title="bbox 244 3134 2662 3249">
    <p class='ocr_par' dir='ltr' id='par_1_9' title="bbox 244 3134 2662 3249">
     <span class='ocr_line' id='line_1_29' title="bbox 244 3134 2662 3249; baseline 0.001 -67"><span class='ocrx_word' id='word_1_314' title='bbox 244 3138 545 3249; x_wconf 50' lang='grc' dir='ltr'>ἓήιςιουῶνὲρξς</span> <span class='ocrx_word' id='word_1_315' title='bbox 581 3138 724 3197; x_wconf 80' lang='grc' dir='ltr'><strong><em>θηρία</em></strong></span> <span class='ocrx_word' id='word_1_316' title='bbox 765 3135 1130 3194; x_wconf 77' lang='grc' dir='ltr'><em>διαγωνίζεσθαι,</em></span> <span class='ocrx_word' id='word_1_317' title='bbox 1171 3136 1370 3182; x_wconf 71' lang='grc' dir='ltr'><em>ἐνταῦθα</em></span> <span class='ocrx_word' id='word_1_318' title='bbox 1402 3134 1454 3193; x_wconf 68' lang='grc' dir='ltr'>δή</span> <span class='ocrx_word' id='word_1_319' title='bbox 1491 3164 1540 3170; x_wconf 89' lang='grc'>-</span> <span class='ocrx_word' id='word_1_320' title='bbox 1571 3136 1778 3196; x_wconf 80' lang='grc' dir='ltr'><em>μεγίστην</em></span> <span class='ocrx_word' id='word_1_321' title='bbox 1808 3136 1983 3194; x_wconf 78' lang='grc' dir='ltr'><em>ἐνέδραν</em></span> <span class='ocrx_word' id='word_1_322' title='bbox 2015 3154 2403 3198; x_wconf 80' lang='grc' dir='ltr'><em>καταστησαμενος</em></span> <span class='ocrx_word' id='word_1_323' title='bbox 2434 3143 2520 3185; x_wconf 78' lang='grc' dir='ltr'>κτλ.</span> <span class='ocrx_word' id='word_1_324' title='bbox 2552 3154 2589 3183; x_wconf 84' lang='lat' dir='ltr'>a.</span> <span class='ocrx_word' id='word_1_325' title='bbox 2622 3154 2662 3198; x_wconf 90' lang='lat' dir='ltr'>p.</span> 
     </span>
     <span class='ocr_line' id='line_1_30' title="bbox 323 3211 483 3243; baseline 0 0"><span class='ocrx_word' id='word_1_326' title='bbox 323 3211 343 3237; x_wconf 85' lang='lat' dir='ltr'>r</span> <span class='ocrx_word' id='word_1_327' title='bbox 474 3234 483 3243; x_wconf 93' lang='lat'><em>.</em></span> 
     </span>
    </p>
   </div>
  </div>
 </body>
</html>
